<?xml version="1.0" encoding="UTF-8"?>
<Document xmlns="urn:iso:std:iso:20022:tech:xsd:camt.053.001.02">
  <BkToCstmrStmt>
    <GrpHdr>
      <MsgId>MSG-2024-06-05</MsgId>
      <CreDtTm>2024-06-06T03:00:00</CreDtTm>
    </GrpHdr>
    <Stmt>
      <Id>STMT-2024-06-05</Id>
      <CreDtTm>2024-06-06T03:00:00</CreDtTm>
      <Acct>
        <Id>
          <IBAN>DE12429644757213399722</IBAN>
        </Id>
        <Ccy>EUR</Ccy>
      </Acct>
      <Bal>
        <Tp>
          <CdOrPrtry>
            <Cd>OPBD</Cd>
          </CdOrPrtry>
        </Tp>
        <Amt Ccy="EUR">100.00</Amt>
        <CdtDbtInd>CRDT</CdtDbtInd>
        <Dt>
          <Dt>2024-06-03</Dt>
        </Dt>
      </Bal>
      <Bal>
        <Tp>
          <CdOrPrtry>
            <Cd>CLBD</Cd>
          </CdOrPrtry>
        </Tp>
        <Amt Ccy="EUR">48.46</Amt>
        <CdtDbtInd>CRDT</CdtDbtInd>
        <Dt>
          <Dt>2024-06-05</Dt>
        </Dt>
      </Bal>
      <!-- Entries are intentionally NOT in date order, to exercise the parser's sort. -->
      <Ntry>
        <Amt Ccy="EUR">43.40</Amt>
        <CdtDbtInd>DBIT</CdtDbtInd>
        <Sts>BOOK</Sts>
        <BookgDt>
          <Dt>2024-06-05</Dt>
        </BookgDt>
        <ValDt>
          <Dt>2024-06-05</Dt>
        </ValDt>
        <AcctSvcrRef>PRIMA-003</AcctSvcrRef>
        <BkTxCd>
          <Prtry>
            <Cd>NTRF+808+00000</Cd>
            <Issr>DK</Issr>
          </Prtry>
        </BkTxCd>
        <NtryDtls>
          <TxDtls>
            <RmtInf>
              <Ustrd>Kontofuehrungsentgelt Q2</Ustrd>
            </RmtInf>
          </TxDtls>
        </NtryDtls>
      </Ntry>
      <Ntry>
        <Amt Ccy="EUR">13.14</Amt>
        <CdtDbtInd>DBIT</CdtDbtInd>
        <Sts>BOOK</Sts>
        <BookgDt>
          <Dt>2024-06-03</Dt>
        </BookgDt>
        <ValDt>
          <Dt>2024-06-03</Dt>
        </ValDt>
        <AcctSvcrRef>PRIMA-001</AcctSvcrRef>
        <BkTxCd>
          <Prtry>
            <Cd>NDDT+105+00000</Cd>
            <Issr>DK</Issr>
          </Prtry>
        </BkTxCd>
        <NtryDtls>
          <TxDtls>
            <Refs>
              <EndToEndId>IP-24-1-A1</EndToEndId>
            </Refs>
            <BkTxCd>
              <Prtry>
                <Cd>NDDT+105+00000</Cd>
                <Issr>DK</Issr>
              </Prtry>
            </BkTxCd>
            <RltdPties>
              <Cdtr>
                <Nm>Person 1</Nm>
              </Cdtr>
              <CdtrAcct>
                <Id>
                  <IBAN>DE73447318315829961821</IBAN>
                </Id>
              </CdtrAcct>
            </RltdPties>
            <RltdAgts>
              <CdtrAgt>
                <FinInstnId>
                  <BIC>GENODEF1S04</BIC>
                </FinInstnId>
              </CdtrAgt>
            </RltdAgts>
            <RmtInf>
              <Ustrd>IP-24-1-A1 Erstattung Material</Ustrd>
            </RmtInf>
          </TxDtls>
        </NtryDtls>
      </Ntry>
      <Ntry>
        <Amt Ccy="EUR">5.00</Amt>
        <CdtDbtInd>CRDT</CdtDbtInd>
        <Sts>BOOK</Sts>
        <BookgDt>
          <Dt>2024-06-04</Dt>
        </BookgDt>
        <ValDt>
          <Dt>2024-06-04</Dt>
        </ValDt>
        <AcctSvcrRef>PRIMA-002</AcctSvcrRef>
        <BkTxCd>
          <Prtry>
            <Cd>NTRF+166+00000</Cd>
            <Issr>DK</Issr>
          </Prtry>
        </BkTxCd>
        <NtryDtls>
          <TxDtls>
            <Refs>
              <EndToEndId>NOTPROVIDED</EndToEndId>
            </Refs>
            <RltdPties>
              <Dbtr>
                <Nm>Person 2</Nm>
              </Dbtr>
              <DbtrAcct>
                <Id>
                  <IBAN>DE79181333728582849451</IBAN>
                </Id>
              </DbtrAcct>
            </RltdPties>
            <RmtInf>
              <Ustrd>Mitgliedsbeitrag</Ustrd>
            </RmtInf>
          </TxDtls>
        </NtryDtls>
      </Ntry>
    </Stmt>
  </BkToCstmrStmt>
</Document>
